@misc{providerAPI,
  author={Pedro Gomes and Kosala Hemachandra and Richard Moore and Gregory Markou and Kyle Den Hartog and Glitch and Jake Moxey and Pierre Bertet and Darryl Yeo and Yaroslav Sergievsky},
  title={{EIP-6963: Multi Injected Provider Discovery}},
  howpublished={\url{https://eips.ethereum.org/EIPS/eip-6963}},
  year={2023}
}

@misc{williams2020infura,
  author={Chris Williams},
  title={{Infura Outage Sparks Debate Over Ethereum’s Decentralization}},
  howpublished={\url{https://cryptobriefing.com/infura-outage-sparks-debate-over-ethereums-decentralization/}},
  year={November 11, 2020}
}

@misc{providerAPIDepr,
  author={Fabian Vogelsteller and Ryan Ghods and Victor Maia and Marc Garreau and Erik Marks},
  title={{EIP-1193: Ethereum Provider JavaScript API}},
  howpublished={\url{https://eips.ethereum.org/EIPS/eip-1193}},
  year={2018}
}

@inproceedings{clark2007usability,
  title={{Usability of Anonymous Web Browsing: An Examination of Tor Interfaces and Deployability}},
  author={Clark, Jeremy and van Oorschot, Paul C and Adams, Carlisle},
  booktitle={Proceedings of the 3rd symposium on Usable Privacy and Security (SOUPS)},
  year={2007}
}

@inproceedings{whitten1999johnny,
  title={{Why Johnny Can't Encrypt: A Usability Evaluation of PGP 5.0.}},
  author={Whitten, Alma and Tygar, J Doug},
  booktitle={USENIX Security Symposium},
  volume={348},
  year={1999}
}

@misc{metamaskVerifyNetwork,
  author={{MetaMask Support}},
  title={{Verifying custom network information}},
  howpublished={\url{https://support.metamask.io/networks-and-sidechains/managing-networks/verifying-custom-network-information/}},
  year={Accessed: September 2024}
}

@misc{metamaskAddNetwork,
  author={{MetaMask Documentation}},
  title={{Add a network}},
  howpublished={\url{https://docs.metamask.io/wallet/how-to/manage-networks/add-network/}},
  year={Accessed: October 2024}
}

@misc{metamaskProviderApi,
  author={{MetaMask Documentation}},
  title={{Ethereum provider API}},
  howpublished={\url{https://docs.metamask.io/wallet/reference/provider-api/}},
  year={Accessed: October 2024}
}

@misc{metamaskJsonRpcApi,
  author={{MetaMask Documentation}},
  title={{JSON-RPC API}},
  howpublished={\url{https://docs.metamask.io/wallet/reference/json-rpc-api/}},
  year={Accessed: October 2024}
}

@misc{ensApp,
  author={{ENS}},
  title={{ENS App}},
  howpublished={\url{https://ens.domains/}},
  year={Accessed: September 2024}
}

@misc{uniswap,
  author={{Uniswap}},
  title={{Uniswap}},
  howpublished={\url{https://app.uniswap.org/}},
  year={Accessed: September 2024}
}

@misc{metamaskInfura,
  author={{MetaMask Support}},
  title={{What is Infura, and why does MetaMask use it?}},
  howpublished={\url{https://support.metamask.io/networks-and-sidechains/what-is-infura-and-why-does-metamask-use-it/}},
  year={Accessed: October 2024}
}

@misc{metamaskEstimatedChanges,
  author={{MetaMask Support}},
  title={{What are estimated balance changes?}},
  howpublished={\url{https://support.metamask.io/transactions-and-gas/transactions/simulations/}},
  year={Accessed: October 2024}
}

@misc{solidityNatspec,
  author={{Solidity Documentation}},
  title={{NatSpec Format}},
  howpublished={\url{https://docs.soliditylang.org/en/latest/natspec-format.html}},
  year={Accessed: October 2024}
}

@misc{dappradar2024Q2,
  author={Sara Gherghelas},
  title={{State of the Dapp Industry Q2 2024}},
  howpublished={\url{https://dappradar.com/blog/state-of-the-dapp-industry-q2-2024}},
  year={July 4, 2024}
}

@INPROCEEDINGS{krol2012Dont,
  author={Krol, Kat and Moroz, Matthew and Sasse, M. Angela},
  booktitle={2012 7th International Conference on Risks and Security of Internet and Systems (CRiSIS)}, 
  title={{Don't Work. Can't Work? Why It's Time to Rethink Security Warnings}}, 
  year={2012},
  pages={1-8},
  doi={10.1109/CRISIS.2012.6378951}}

@inproceedings{wang2022penny,
author = {Wang, Dabao and Feng, Hang and Wu, Siwei and Zhou, Yajin and Wu, Lei and Yuan, Xingliang},
title = {{Penny Wise and Pound Foolish: Quantifying the Risk of Unlimited Approval of ERC20 Tokens on Ethereum}},
year = {2022},
isbn = {9781450397049},
publisher = {Association for Computing Machinery},
address = {New York, NY, USA},
url = {https://doi.org/10.1145/3545948.3545963},
doi = {10.1145/3545948.3545963},
booktitle = {Proceedings of the 25th International Symposium on Research in Attacks, Intrusions and Defenses},
pages = {99–114},
series = {RAID '22}
}

@misc{zmudzinski2024Eigenlayer,
  author={Adrian Zmudzinski},
  title={{EigenLayer Says Unauthorized Selling Was an `Isolated Incident', But Critics Still Have Concerns}},
  howpublished={\url{https://decrypt.co/284903/eigenlayer-says-unauthorized-selling-was-an-isolated-incident-but-critics-still-have-concerns}},
  year={October 7, 2024}
}

@misc{vismaya2024pepe,
  author={V Vismaya},
  title={{Pepe Holder Loses \$1.4 Million in Uniswap Permit2 Phishing Attack}},
  howpublished={\url{https://decrypt.co/286076/pepe-uniswap-permit2-phishing-attack}},
  year={October 14, 2024}
}

@misc{toulas2024lottiefiles,
  author={Bill Toulas},
  title={{LottieFiles hacked in supply chain attack to steal users’ crypto}},
  howpublished={\url{https://www.bleepingcomputer.com/news/security/lottiefiles-hacked-in-supply-chain-attack-to-steal-users-crypto/}},
  year={October 31, 2024}
}

@misc{incident2021Primitive,
  author={{Primitive Finance Team}},
  title={{Postmortem on the Primitive Finance Whitehack of February 21st, 2021}},
  howpublished={\url{https://primitivefinance.medium.com/postmortem-on-the-primitive-finance-whitehack-of-february-21st-2021-17446c0f3122}},
  year={February 23, 2021}
}

@misc{incident2020Bancor,
  author={Yudi Levi},
  title={{Bancor’s response to today’s smart contract vulnerability}},
  howpublished={\url{https://medium.com/@yudilevi/bancors-response-to-today-s-smart-contract-vulnerability-dc888c589fe4}},
  year={June 18, 2020}
}

@article{mathur2019dark,
author = {Mathur, Arunesh and Acar, Gunes and Friedman, Michael J. and Lucherini, Eli and Mayer, Jonathan and Chetty, Marshini and Narayanan, Arvind},
title = {Dark Patterns at Scale: Findings from a Crawl of 11K Shopping Websites},
year = {2019},
issue_date = {November 2019},
publisher = {Association for Computing Machinery},
address = {New York, NY, USA},
volume = {3},
number = {CSCW},
url = {https://doi.org/10.1145/3359183},
doi = {10.1145/3359183},
journal = {Proc. ACM Hum.-Comput. Interact.},
month = nov,
articleno = {81}
}

@misc{revokeCash,
  author={{Revoke}},
  title={{Revoke.cash}},
  howpublished={\url{https://revoke.cash/}},
  year={Accessed: October 2024}
}

@article{eskandari2018first,
  title={{A First Look at the Usability of Bitcoin Key Management}},
  author={Eskandari, Shayan and Clark, Jeremy and Barrera, David and Stobert, Elizabeth},
  journal={Symposium on Usable Security and Privacy (USEC)},
  year={2015}
}

@incollection{wharton1994cognitive,
  title={{The Cognitive Walkthrough Method: A Practitioner's Guide}},
  author={Wharton, Cathleen and Rieman, John and Lewis, Clayton and Polson, Peter},
  publisher = {John Wiley \& Sons, Inc.},
  booktitle={Usability Inspection Methods},
  year={1994}
}

@inproceedings{nielsen1992finding,
  title={{Finding Usability Problems Through Heuristic Evaluation}},
  author={Nielsen, Jakob},
  booktitle={Proceedings of the SIGCHI conference on Human factors in computing systems},
  pages={373--380},
  year={1992}
}

@InProceedings{moniruzzaman2020examining,
author="Moniruzzaman, Md
and Chowdhury, Farida
and Ferdous, Md Sadek",
editor="Bhuiyan, Touhid
and Rahman, Md. Mostafijur
and Ali, Md. Asraf",
title="{Examining Usability Issues in Blockchain-Based Cryptocurrency Wallets}",
booktitle="Cyber Security and Computer Science",
year="2020",
publisher="Springer International Publishing"
}

@misc{jsonRpcSpec,
  author={{JSON-RPC Working Group}},
  title={{JSON-RPC 2.0 Specification}},
  howpublished={\url{https://www.jsonrpc.org/specification}},
  year={2013}
}

@misc{erc20spec,
  author={Fabian Vogelsteller and Vitalik Buterin},
  title={{ERC-20: Token Standard}},
  howpublished={\url{https://eips.ethereum.org/EIPS/eip-20}},
  year={2015}
}

@article{bastien1995evaluating,
  title={{Evaluating a User Interface with Ergonomic Criteria}},
  author={Bastien, JM Christian and Scapin, Dominique L},
  journal={International Journal of Human-Computer Interaction},
  volume={7},
  number={2},
  pages={105--121},
  year={1995},
  publisher={Taylor \& Francis}
}

@misc{alchemyRevertTransaction,
  author={{Alchemy documentation}},
  title={{What does it mean to revert transactions?}},
  howpublished={\url{https://docs.alchemy.com/docs/revert-transactions}},
  year={Accessed: Oct 2024}
}

@misc{uniswapTransactionFail,
  author={{Uniswap Help Center}},
  title={{Why did my transaction fail?}},
  howpublished={\url{https://support.uniswap.org/hc/en-us/articles/8643975058829-Why-did-my-transaction-fail}},
  year={Accessed: Oct 2024}
}

@inproceedings{hu2021automating,
  title={{Automating User Notice Generation for Smart Contract Functions}},
  author={Hu, Xing and Gao, Zhipeng and Xia, Xin and Lo, David and Yang, Xiaohu},
  booktitle={2021 36th IEEE/ACM International Conference on Automated Software Engineering (ASE)},
  pages={5--17},
  year={2021},
  organization={IEEE}
}

@inproceedings{si2024understanding,
  title={{Understanding User-Perceived Security Risks and Mitigation Strategies in the Web3 Ecosystem}},
  author={Si, Janice Jianing and Sharma, Tanusree and Wang, Kanye Ye},
  booktitle={Proceedings of the CHI Conference on Human Factors in Computing Systems},
  pages={1--22},
  year={2024}
}

@inproceedings{torres2023your,
  title={{Is Your Wallet Snitching on You? An Analysis on the Privacy Implications of Web3}},
  author={Torres, Christof Ferreira and Willi, Fiona and Shinde, Shweta},
  booktitle={32nd USENIX Security Symposium (USENIX Security 23)},
  pages={769--786},
  year={2023}
}

@inproceedings{akhawe2013alice,
author = {Akhawe, Devdatta and Felt, Adrienne Porter},
title = {{Alice in Warningland: A Large-scale Field Study of Browser Security Warning Effectiveness}},
year = {2013},
booktitle = {Proceedings of the 22nd USENIX Conference on Security},
pages = {257–272},
series = {SEC'13}
}

@inproceedings{kalra2018zeus,
  title={{Zeus: Analyzing Safety of Smart Contracts}},
  author={Kalra, Sukrit and Goel, Seep and Dhawan, Mohan and Sharma, Subodh},
  booktitle={Network and Distributed Systems Security (NDSS) Symposium},
  pages={1--12},
  year={2018}
}

@inproceedings{tsankov2018security,
author = {Tsankov, Petar and Dan, Andrei and Drachsler-Cohen, Dana and Gervais, Arthur and B\"{u}nzli, Florian and Vechev, Martin},
title = {{Securify: Practical Security Analysis of Smart Contracts}},
year = {2018},
doi = {10.1145/3243734.3243780},
booktitle = {Proceedings of the 2018 ACM SIGSAC Conference on Computer and Communications Security},
pages = {67–82},
series = {CCS '18}
}

@article{panicker2024end,
  title={{End-user Comprehension of Transfer Risks in Smart Contracts}},
  author={Panicker, Yustynn and Soremekun, Ezekiel and Sun, Sumei and Chattopadhyay, Sudipta},
  journal={arXiv preprint arXiv:2407.11440},
  year={2024}
}

@inproceedings{gallersdorfer2021augmenting,
  title={{Augmenting MetaMask to Support TLS-endorsed Smart Contracts}},
  author={Gallersd{\"o}rfer, Ulrich and Ebel, Jonas and Matthes, Florian},
  booktitle={International Workshop on Data Privacy Management},
  pages={227--244},
  year={2021},
  organization={Springer}
}

@article{jang2020userPerspectives,
  title={{User Perspectives on Blockchain Technology: User-Centered Evaluation and Design Strategies for DApps}},
  author={Jang, Hyeji and Han, Sung H and Kim, Ju Hwan},
  journal={IEEE Access},
  volume={8},
  pages={226213--226223},
  year={2020},
  publisher={IEEE}
}

@article{jang2022userExperience,
title = {{User Experience Framework for Understanding User Experience in Blockchain Services}},
journal = {International Journal of Human-Computer Studies},
volume = {158},
pages = {102733},
year = {2022},
issn = {1071-5819},
doi = {https://doi.org/10.1016/j.ijhcs.2021.102733},
author = {Hyeji Jang and Sung H. Han}
}

@InProceedings{krombholz2017the,
author="Krombholz, Katharina
and Judmayer, Aljosha
and Gusenbauer, Matthias
and Weippl, Edgar",
editor="Grossklags, Jens
and Preneel, Bart",
title="{The Other Side of the Coin: User Experiences with Bitcoin Security and Privacy}",
booktitle="Financial Cryptography and Data Security",
year="2017",
publisher="Springer Berlin Heidelberg",
address="Berlin, Heidelberg",
pages="555--580"
}

@inproceedings{gao2016of,
author = {Gao, Xianyi and Clark, Gradeigh D. and Lindqvist, Janne},
title = {Of Two Minds, Multiple Addresses, and One Ledger: Characterizing Opinions, Knowledge, and Perceptions of Bitcoin Across Users and Non-Users},
year = {2016},
doi = {10.1145/2858036.2858049},
booktitle = {Proceedings of the 2016 CHI Conference on Human Factors in Computing Systems},
pages = {1656–1668},
series = {CHI '16}
}

@inproceedings{sas2017design,
author = {Sas, Corina and Khairuddin, Irni Eliana},
title = {{Design for Trust: An Exploration of the Challenges and Opportunities of Bitcoin Users}},
year = {2017},
doi = {10.1145/3025453.3025886},
booktitle = {Proceedings of the 2017 CHI Conference on Human Factors in Computing Systems},
pages = {6499–6510},
series = {CHI '17}
}

@inproceedings{mai2020user,
  title={{User Mental Models of Cryptocurrency Systems - A Grounded Theory Approach}},
  author={Mai, Alexandra and Pfeffer, Katharina and Gusenbauer, Matthias and Weippl, Edgar and Krombholz, Katharina},
  booktitle={Sixteenth symposium on usable privacy and security (SOUPS 2020)},
  pages={341--358},
  year={2020}
}

@inproceedings{frohlich2022blockchain,
  title={{Blockchain and Cryptocurrency in Human Computer Interaction: A Systematic Literature Review and Research Agenda}},
  author={Fr{\"o}hlich, Michael and Waltenberger, Franz and Trotter, Ludwig and Alt, Florian and Schmidt, Albrecht},
  booktitle={Proceedings of the 2022 ACM Designing Interactive Systems Conference},
  pages={155--177},
  year={2022}
}

@inproceedings{voskobojnikov2021u,
  title={{The U in Crypto Stands for Usable: An Empirical Study of User Experience with Mobile Cryptocurrency Wallets}},
  author={Voskobojnikov, Artemij and Wiese, Oliver and Mehrabi Koushki, Masoud and Roth, Volker and Beznosov, Konstantin},
  booktitle={Proceedings of the 2021 CHI Conference on Human Factors in Computing Systems},
  pages={1--14},
  year={2021}
}
